@INPROCEEDINGS{Yiu_baterias,
author={K. Yiu},
booktitle={Power Electronics Systems and Applications (PESA), 2011 4th International Conference on},
title={Battery technologies for electric vehicles and other green industrial projects},
year={2011},
pages={1-2},
keywords={battery management systems;electric vehicles;environmental factors;secondary cells;battery control logic;battery management system;battery technologies;battery technology;consumer electronics;electric transportation industry;electric vehicles;green industrial projects;green technologies;high power storage;Batteries;Chemicals;Electric vehicles;Industries;Lithium;Monitoring;Nickel},
doi={10.1109/PESA.2011.5982908},
month={June},}

@inproceedings{Shamah_2001_3872,
   author = "Benjamin Shamah and Michael D {Wagner } and Stewart Moorehead and James Teza and David Wettergreen and William (Red) L. Whittaker",
   title = "Steering and Control of a Passively Articulated Robot",
   booktitle = "SPIE, Sensor Fusion and Decentralized Control in Robotic Systems IV",
   month = "October",
   year = "2001",
   volume = "4571",
   Notes = "revised and corrected version - replaces conference proceedings"
} 

@book{coefs_atrito,
	author = {Thomas D. Gillespie},
	title = {Fundamentals of Vehicle Dynamics},
	publisher = {Society of Automative Engineers},
	year = {1992},
}

@manual{XHP_battery_manual,
    title = "ALCAD XHP Range",
    howpublished = "manual técnico",
    organization = "Alcad limited",}
    year = "2007",
     month= "April",
     language = {english}
     }
@unpublished{Slides_ms,
    title = "Modelação e Simulação",
    howpublished = "transparências de apoio às aulas teóricas",
    autor = "João Miranda Lemos",
    year = 2008,
    language = {portuguese}
}

@unpublished{Slides_controlo,
    title = "Controlo",
    howpublished = "transparências de apoio às aulas teóricas",
    autor = "Maria Isabel Ribeiro and António Pascoal",
    year = 2007,
    language = {portuguese}
}


@INPROCEEDINGS{Hashemnia_motores,
author={N. Hashemnia and B. Asaei},
booktitle={Electrical Machines, 2008. ICEM 2008. 18th International Conference on},
title={Comparative study of using different electric motors in the electric vehicles},
year={2008},
pages={1-5},
keywords={brushless DC motors;electric vehicles;induction motors;permanent magnet motors;reluctance motors;synchronous motors;brushless DC motors;electric motors;electric vehicles;induction motor;permanent magnet synchronous motor;switched reluctance motor;Brushless DC motors;DC motors;Electric motors;Electric vehicles;Induction motors;Magnetic materials;Magnetic switching;Permanent magnet motors;Reluctance motors;Synchronous motors},
doi={10.1109/ICELMACH.2008.4800157},
month={Sept},}

@ARTICLE{Lynch_paper,
author={S. M. A. Sharkh and M. T. N. Mohammad},
journal={IEEE Transactions on Energy Conversion},
title={Axial Field Permanent Magnet DC Motor With Powder Iron Armature},
year={2007},
volume={22},
number={3},
pages={608-613},
keywords={DC motors;finite element analysis;laminations;machine windings;permanent magnet motors;torque;FEA;armature teeth;double-gap axial field permanent magnet dc motor;double-layer armature wave winding;electromotive force;equivalent circuit models;finite element analysis;lamination steel materials;magnetic saturation;motor torque;powder iron;saturation flux density;speed curves;Building materials;Conducting materials;Copper;DC motors;Iron;Lamination;Powders;Steel;Strips;Torque;Axial field;dc motor;permanent magnet (PM) motor;powder iron},
doi={10.1109/TEC.2007.895870},
ISSN={0885-8969},
month={Sept},}

@ARTICLE{Chan_overview,
author={C. C. Chan},
journal={Proceedings of the IEEE},
title={The state of the art of electric and hybrid vehicles [Prolog]},
year={2002},
volume={90},
number={2},
pages={245-246},
keywords={Automotive engineering;Battery powered vehicles;Costs;Hybrid electric vehicles;Internal combustion engines;Propulsion;Pulse width modulation converters;Pulse width modulation inverters;Road vehicles;Torque},
doi={10.1109/JPROC.2002.989872},
ISSN={0018-9219},
month={Feb},}

@INPROCEEDINGS{Rajashekara_desvantagens_baterias,
author={K. Rajashekara},
booktitle={Industry Applications Society Annual Meeting, 1993., Conference Record of the 1993 IEEE},
title={History of electric vehicles in General Motors},
year={1993},
pages={447-454 vol.1},
keywords={electric propulsion;electric vehicles;history;project engineering;AT&T van;Electrovette;GM512 series car;General Motors;IMPACT;STIR-LEC I;Stirling electric hybrid car;air quality;costs;electric shuttle bus;electric truck;electric vehicles;electrovan;history;mass production;performances;projects;propulsion;Alternators;Batteries;DC motors;Electric vehicles;Fuel cells;History;Hybrid electric vehicles;Petroleum;Propulsion;Synchronous motors},
doi={10.1109/IAS.1993.298962},
month={Oct},}

@ARTICLE{Santiago_overview,
author={J. de Santiago and H. Bernhoff and B. Ekergård and S. Eriksson and S. Ferhatovic and R. Waters and M. Leijon},
journal={IEEE Transactions on Vehicular Technology},
title={Electrical Motor Drivelines in Commercial All-Electric Vehicles: A Review},
year={2012},
volume={61},
number={2},
pages={475-484},
keywords={electric vehicles;motor drives;permanent magnet motors;EV;PM motor;all-electric vehicles;electrical motor drivelines;mechanic driveline;permanent-magnet motor;standardized drive cycle;DC motors;Induction motors;Permanent magnet motors;Reluctance motors;Rotors;Traction motors;Motor drives;road vehicle electric propulsion;road vehicle power systems;traction motors},
doi={10.1109/TVT.2011.2177873},
ISSN={0018-9545},
month={Feb},}

@manual{Agni_workshop,
    title = "Saietta Motors Workshop Manual",
    url = "http://www.saiettaengineering.com/se_website/wp-content/uploads/2015/11/Saietta-Motors-Workshop-Manual_Nov-2015.pdf",
    organization = "Saietta Group",
    year = "2015",
    language = {english},
}

@manual{datasheet_STM,
    title = "Worm gearboxes",
    howpublished = "manual técnico",
    language = {english},
    organization = "S.T.M., S.p.a.",
    notes = "standard line"
}

@manual{datasheet_OSMC,
    title = "OSMC project documentation v4.25",
    howpublished = "documentação técnica",
    language = {english},
    year = 2002,
    author = "Sonny Lloyd and Matt McFadden and Don Jennings and Robert L. Doerr Chris Baron"
}

@manual{esquema_OSMC,
    title = "Simplified OSMC motor control",
    author = "D. Moeller",
    year = "2001",
    month = nov,
    howpublished = "esquema elétrico",
}

@electronic{guia_dimensionamento_motor,
    organization = "Lynch Motor Company Ltd",
    url = "http://lynchmotors.co.uk/technical-reports/vehicles/electric-vehicle_drive.html",
    notes = "dicas de desenho de veículos elétricos",
    language = {english},
    year = 2016
}

@electronic{fig_sensor,
    url = "http://thumperfi.com/wp-content/uploads/2014/02/magnetic-pickup-rpm-sensor-graph.png",
    year = 2016,
    notes = "figura de um corte longitudinal de um sensor de velocidade"
}

@electronic{Agni_B95R_performance,
    organization = "Saietta Group",
    url = "http://www.saiettaengineering.com/motors/",
    notes = "motor 95-R",
    language = {english},
    year = "2016"
}

@manual{datasheet_schrack,
    title = "General Purpose Relays",
    organization = "Tyco Electronics Corporation",
    year = "2011",
    language = {english},
    howpublished = "manual técnico"
}

@manual{datasheet_547,
    title = "BC546/547/548/549/550",
    language = {english},
    year = "2002",
    organization = "Fairchild Semiconductor Corporation",
    howpublished = "manual técnico"
}

@manual{datasheet_2N2219A,
    title = "2N2219; 2N2219A NPN switching transistors",
    language = {english},
    year = "1997",
    organization = "Philips Electronics N.V.",
    howpublished = "manual técnico"
}

@manual{datasheet_vishay,
    organization = "Vishay Intertechnology, Inc.",
    title = "Model 533, 534, 535",
    notes = "Vishay Spectrol",
    year = 2012,
    language = {english},
    howpublished = "manual técnico"
}

@manual{PTC_datasheet,
    organization = "NXP B.V.",
    title = "KTY81 series",
    language = {english},
    year = 2008,
    howpublished = "manual técnico",
}

@manual{datasheet_555,
    organization = "STMicroelectronics",
    title = "NE555 SA555 - SE555",
    language = {english},
    howpublished = "manual técnico",
    year = 2008,
}

@manual{NTC_datasheet,
    organization = "EV Power",
    title = "Agni Motor Thermistor Information",
    language = {english},
    howpublished = "nota técnica"
}


@manual{dalf_om,
    title = "DALF--1; Rev F Motor Control Board",
    howpublished = "Owner's Manual",
    language = {english},
    organization = {Embedded Electronics, LLC.},
    year = 2008,
    month = aug
}

@manual{dalf_i2c,
    title = "DALF--1; Rev F Motor Control Board",
    howpublished = "I2C2 Interface",
    language = {english},
    organization = {Embedded Electronics, LLC.},
    year = 2007,
    month = jun
}

@manual{datasheet_MCP23017,
    title = "16-Bit I/O Expander with Serial Interface",
    howpublished = "manual técnico - modelos MCP23017/MCP23S17",
    year = 2007,
    month = feb,
    language = {english},
    organization = "MicrochipTechnology Inc."
}

@manual{PIC_datasheet,
    title = "PIC18F8722 Family Data Sheet",
    year = 2004,
    language = {english},
    organization = "MicrochipTechnology Inc."
}

@booklet{NP_overview,
    title = "Genesis {NP} range overview",
    howpublished = "brochura",
    month = feb,
    year = 2005,
    language = {english},
    organization = "EnerSys Inc."
}

@manual{NP55-12R_datasheet,
    title = "Genesis {NP}55-12/{NP55-12FR} ",
    howpublished = "manual técnico",
    year = 2003,
    month = may,
    language = {english},
    organization = "EnerSys Inc."
}

@booklet{norma_ISO_R773,
    title = "Standard Metric Keys and Keyways for Metric Bores with One Key \textbullet{} Couplings",
    howpublished = "tabelas com as dimensões da norma ISO/R773",
    year = 1996,
    month = jul,
    language = {english},
    organization = "The Falk Corporation"
}

@misc{catalogo_polias,
    title = "Catálogo de polias",
    organization = "Eurocorreias, Lda.",
    year = 2012,
    language = {portuguese}
}

@misc{catalogo_eurocorreias,
    howpublished = "Catálogo de engrenagens",
    organization = "Eurocorreias, Lda.",
    year = 2012,
    language = {portuguese}
}

@misc{catalogo_rolamentos,
    title= "Bearings specification tables",
    howpublished = "catálogo",
    organization = "JTEKT Corporation",
    languge = {english},
    year = 2009
}

@manual{datasheet_PMT835M,
    title = "Sigmadrive PM Traction Technical Manual",
    organization = "PG Drives Technology",
    year = 2008,
    language = {english}
}

@manual{datasheet_RS430H,
    title = "RS DC Servomotors",
    howpublished = "manual técnico",
    organization = "PARVEX SAS",
    year = 2003,
    language = {english}
}

@booklet{Engrenagens_intro,
    title = "Introduction to gears",
    howpublished = "guia",
    year = 2006,
    organization = "KOHARA GEAR INDUSTRY CO., LTD.",
    language = {english}
}

